@book{turner:probability,
    author    = "J.C. Turner",
    title     = "Probability, statistics and operational research",
    year      = "1970",
    publisher = "The English University Press Ltd"
}

@book{kremer:probability,
    author    = "N. Kremer",
    title     = "Probability theory and mathematical statistics",
    year      = "2010",
    publisher = "Unity"
}


@book{kudryavcev:math,
    author    = "Всеволод Кудрявцев and Борис Демидович",
    title     = "Краткий курс высшей математики",
    year      = "1978",
    publisher = "Наука"
}

@book{weiss:dsaa,
    author    = "Mark Allen Weiss",
    title     = "Data Structures and Algorithm Analysis in C++",
    year      = 2006,
    publisher = "Pearson"
}

@book{stewart:calculus,
    author    = "James Stewart",
    title     = "Calculus",
    year      = "2007",
    publisher = "Brooks/Cole, Cengage Learning"}


@misc{ssl,
title={{The Secure Sockets Layer (SSL) Protocol Version 3.0}},
howpublished="https://datatracker.ietf.org/doc/html/rfc6101"
}

@misc{hipvpls,
title={{HIP-based Virtual Private LAN Service (HIPLS}},
howpublished="https://datatracker.ietf.org/doc/draft-henderson-hip-vpls/"
}
    

@book{Stinson:Cryptography,
 author = {Stinson, Douglas},
 title = {Cryptography: Theory and Practice, Second Edition},
 year = {2002},
 isbn = {1584882069},
 edition = {2nd},
 publisher = {CRC/C\&H},
}

@book{gurtov:hip,
author = {Gurtov, Andrei},
title = {Host Identity Protocol (HIP): Towards the Secure Mobile Internet},
year = {2008},
publisher = {Wiley Publishing}
}

@misc{hipvplspython,
title={{Running HIP VPLS on a NanoPI R2S}},
howpublished="https://www.linuxjournal.com/content/running-hip-vpls-nanopi-r2s"
}

@misc{l3vpn,
title="{{L3-VPN in Mininet}}",
howpublished="https://github.com/dmitriykuptsov/vpls-routing"}

@misc{hipswitchimp,
title="HIP switch",
howpublished="https://github.com/strangebit-io/hip-vpls-hw-with-controller"}
